@ARTICLE{astar,
    author={Hart, Peter E. and Nilsson, Nils J. and Raphael, Bertram},
    journal={IEEE Transactions on Systems Science and Cybernetics}, 
    title={A Formal Basis for the Heuristic Determination of Minimum Cost Paths}, 
    year={1968},
    volume={4},
    number={2},
    pages={100-107},
    keywords={Costs;Mathematical programming;Minimization methods;Functional programming;Automatic control;Minimax techniques;Gradient methods;Chemical technology;Automatic programming;Instruction sets},
    doi={10.1109/TSSC.1968.300136}
}
@article{dijkstra,
    title = {A generalization of Dijkstra's algorithm},
    journal = {Information Processing Letters},
    volume = {6},
    number = {1},
    pages = {1-5},
    year = {1977},
    issn = {0020-0190},
    doi = {https://doi.org/10.1016/0020-0190(77)90002-3},
    url = {https://www.sciencedirect.com/science/article/pii/0020019077900023},
    author = {Donald E. Knuth},
    keywords = {Shortest paths, AND/OR graphs, context-free grammars, simultaneous minimax equations, decision trees, dynamic programming}
}
@article{pulp, 
    title={Pulp: A linear programming toolkit for python}, 
    url={http://www.optimization-online.org/DB_FILE/2011/09/3178.pdf}, 
    journal={PuLP: A Linear Programming Toolkit for Python}, 
    publisher={Optimization Online}, 
    author={Dunning, Iain and et al.}, 
    year={2011}, 
    month={Sep}
} 